<?xml version="1.0" encoding="UTF-8"?><record xmlns="http://www.loc.gov/MARC21/slim" xmlns:cinclude="http://apache.org/cocoon/include/1.0" xmlns:zs="http://www.loc.gov/zing/srw/">
  <leader>00513cz  a2200133n  4500</leader>
  <controlfield tag="001">nr2002037414</controlfield>
  <controlfield tag="003">DLC</controlfield>
  <controlfield tag="005">20021023084110.0</controlfield>
  <controlfield tag="008">021008n| acannaabn          |a aaa     c</controlfield>
  <datafield tag="010" ind1=" " ind2=" ">
    <subfield code="a">nr2002037414</subfield>
    <subfield code="z">nr2002037903</subfield>
  </datafield>
  <datafield tag="040" ind1=" " ind2=" ">
    <subfield code="a">UPB</subfield>
    <subfield code="b">eng</subfield>
    <subfield code="c">UPB</subfield>
    <subfield code="d">DLC</subfield>
  </datafield>
  <datafield tag="100" ind1="1" ind2=" ">
    <subfield code="a">Sneden, Christopher</subfield>
  </datafield>
  <datafield tag="400" ind1="1" ind2=" ">
    <subfield code="a">Sneden, Chris</subfield>
    <subfield code="q">(Christopher)</subfield>
  </datafield>
  <datafield tag="670" ind1=" " ind2=" ">
    <subfield code="a">Astronomical instrumentation and the birth and growth of astrophysics , 2002:</subfield>
    <subfield code="b">t.p. (edited by Christopher Sneden, Dept. of Astronomy, Univ. of Texas, Austin, Texas.) p. vii (Chris Sneden)</subfield>
  </datafield>
</record>